<record><leader>00000cas a22000007a 4500</leader><controlfield tag="001">10116890</controlfield><controlfield tag="008">831110d18641879txuwr ne      0    0eng d</controlfield><controlfield tag="009">3768</controlfield><datafield ind1=" " ind2=" " tag="010"><subfield code="a">sn 83021324 </subfield></datafield><datafield ind1=" " ind2=" " tag="040"><subfield code="a">NPX</subfield><subfield code="b">eng</subfield><subfield code="c">NPX</subfield><subfield code="d">NPU</subfield><subfield code="d">PPM</subfield><subfield code="d">DLC</subfield><subfield code="d">PPM</subfield><subfield code="d">ANU</subfield><subfield code="d">HLS</subfield><subfield code="d">IUA</subfield><subfield code="d">OCLCO</subfield><subfield code="d">OCLCF</subfield></datafield><datafield ind1=" " ind2=" " tag="042"><subfield code="a">msc</subfield></datafield><datafield ind1="0" ind2=" " tag="130"><subfield code="a">Weekly state gazette (Austin, Tex. : 1864)</subfield></datafield><datafield ind1="0" ind2="4" tag="245"><subfield code="a">The Weekly state gazette.</subfield></datafield><datafield ind1="1" ind2="0" tag="246"><subfield code="a">State gazette</subfield></datafield><datafield ind1="1" ind2="0" tag="246"><subfield code="a">Texas state gazette</subfield></datafield><datafield ind1="1" ind2="0" tag="246"><subfield code="a">Weekly Texas state gazette</subfield></datafield><datafield ind1=" " ind2=" " tag="260"><subfield code="a">Austin, Tex. :</subfield><subfield code="b">D. Richardson,</subfield><subfield code="c">1864-</subfield></datafield><datafield ind1=" " ind2=" " tag="300"><subfield code="a">v. ;</subfield><subfield code="c">48-71 cm.</subfield></datafield><datafield ind1=" " ind2=" " tag="310"><subfield code="a">Weekly</subfield></datafield><datafield ind1="0" ind2=" " tag="362"><subfield code="a">Vol. 15, no. 30 (Mar. 9, 1864)-</subfield></datafield><datafield ind1="1" ind2=" " tag="362"><subfield code="a">Ceased in 1879.</subfield></datafield><datafield ind1=" " ind2=" " tag="500"><subfield code="a">Published as: State gazette, Nov. 25, 1865-Feb. 3, 1866; Texas state gazette, Apr.-Dec. 1867; Weekly Texas state gazette, Aug. 1864-Aug. 1865 and Mar. 1869-Jan. 1870.</subfield></datafield><datafield ind1=" " ind2=" " tag="530"><subfield code="a">Available also on microfilm from Southwest Micropublishing, Inc., El Paso, TX.</subfield></datafield><datafield ind1=" " ind2="0" tag="651"><subfield code="a">Austin (Tex.)</subfield><subfield code="v">Newspapers.</subfield></datafield><datafield ind1=" " ind2="7" tag="655"><subfield code="a">Newspapers.</subfield><subfield code="2">fast</subfield><subfield code="0">(OCoLC)fst01423814</subfield></datafield><datafield ind1=" " ind2="7" tag="651"><subfield code="a">Texas</subfield><subfield code="z">Austin.</subfield><subfield code="2">fast</subfield><subfield code="0">(OCoLC)fst01204313</subfield></datafield><datafield ind1=" " ind2=" " tag="752"><subfield code="a">United States</subfield><subfield code="b">Texas</subfield><subfield code="c">Travis</subfield><subfield code="d">Austin.</subfield></datafield><datafield ind1="0" ind2=" " tag="775"><subfield code="t">Tri-weekly state gazette</subfield><subfield code="w">(DLC)sn 83025701</subfield></datafield><datafield ind1="0" ind2=" " tag="775"><subfield code="t">Daily state gazette (Austin, Tex. : 1867)</subfield><subfield code="w">(DLC)sn 83021323</subfield><subfield code="w">(OCoLC)10116835</subfield></datafield><datafield ind1="0" ind2=" " tag="775"><subfield code="t">Semi-weekly state gazette</subfield><subfield code="w">(DLC)sn 88083336</subfield><subfield code="w">(OCoLC)17531948</subfield></datafield><datafield ind1="0" ind2="0" tag="780"><subfield code="t">State gazette (Austin, Tex. : 1855)</subfield><subfield code="w">(DLC)sn 83025700</subfield></datafield></record>